%! Author = liu
%! Date = 8/5/20

